%%%%%%%%%%%%%%%%%%%%%%%%%%%%%%%%%%%%%%%%%%%%%%%%%%
%%%%		~~~~ Bibliography ~~~~
%%%%%%%%%%%%%%%%%%%%%%%%%%%%%%%%%%%%%%%%%%%%%%%%%%
%
% Methods to get the information:
%       - Use the DOI of an article with doi2bib.org
%       - Use Google scholar to get .bib citations


@article{LA_top10_US,
title = {Top Value Added Chemicals from Biomass: Volume I -- Results of Screening for Potential Candidates from Sugars and Synthesis Gas},
author = {Werpy, T and Petersen, G},
doi = {10.2172/15008859},
journal = {},
place = {United States},
year = {2004},
month = {8}
}


